@BOOK{Dem10,
	AUTHOR = {Demtröder, W.},
	YEAR = {2010},
	TITLE = {Experimentalphysik 4 - Kern-, Teilchen- Und Astrophysik},
	EDITION = {3. Auflage},
	ISBN = {978-3-642-01598-4},
	PUBLISHER = {Springer DE},
	ADDRESS = {Berlin}
}





### Transformationsoptik ###
@article{martint01,
	title = {Cloaked contact grids on solar cells by coordinate transformations: designs and prototypes},
	volume = {2},
	issn = {1286-0050},
	url = {http://dx.doi.org/10.1364/OPTICA.2.000850},
	doi = {10.1051/epjap:2004189},
	abstract = {Nontransparent contact fingers on the sun-facing side of solar
cells represent optically dead regions which reduce the energy
conversion per area. We consider two approaches for guiding
the incident light around the contacts onto the active area. The
first approach uses graded-index metamaterials designed by
two-dimensional Schwarz–Christoffel conformal maps, and
the second uses freeform surfaces designed by one-dimensional
coordinate transformations of a point to an interval. We
provide proof-of-principle demonstrators using direct laser
writing of polymer structures on silicon wafers with opaque
contacts. Freeform surfaces are amenable to mass fabrication
and allow for complete recovery of the shadowing effect for all
relevant incidence angles.},
	pages = {1-4},
	number = {10},
	journaltitle = {Optical society of America},
	author = {MARTIN F. SCHUMANN,1,2,* SAMUEL WIESENDANGER,3 JAN CHRISTOPH GOLDSCHMIDT,4 BENEDIKT BLÄSI,4
KARSTEN BITTKAU,5 ULRICH W. PAETZOLD,5 ALEXANDER SPRAFKE,6 RALF B. WEHRSPOHN,6,7
CARSTEN ROCKSTUHL,2,8 AND MARTIN WEGENER1,2},
	urldate = {2016-02-16},
	date = {2015-10},
	file = {}



### Robert Dissertation ###
@misc{diss_rs_2015,
	title = {Cloaking in Heat Conduction and Light Diffusion /},
	author = {Schittny, Robert Johannes},
	date = {2015},
	keywords = {invisibility cloaking, transformation optics, heat conduction, light diffusion}
}