

### Material, um auf den Technisch neusten Stand zu kommen ###

##prismatic covering 1 ##
@article{zhao1990optimized,
  title={An optimized prismatic cover design for concentrator and nonconcentrator solar cells},
  author={Zhao, J and Wang, A and Green, MA},
  journal={Journal of applied physics},
  volume={68},
  number={3},
  pages={1345--1350},
  year={1990},
  publisher={AIP Publishing}
}

##prismatic covering## 		
@inproceedings{boca2009prismatic,
  title={Prismatic covers for boosting the efficiency of high-concentration PV systems},
  author={Boca, Andreea and Edmondson, Kenneth M and King, Richard R},
  booktitle={Photovoltaic Specialists Conference (PVSC), 2009 34th IEEE},
  pages={000131--000136},
  year={2009},
  organization={IEEE}
}
@article{kerschaver2006back,
  title={Back-contact solar cells: A review},
  author={Kerschaver, Emmanuel Van and Beaucarne, Guy},
  journal={Progress in Photovoltaics: Research and Applications},
  volume={14},
  number={2},
  pages={107--123},
  year={2006},
  publisher={Wiley Online Library}
}
@inproceedings{gee1992emitter,
  title={Emitter wrap-through solar cell},
  author={Gee, James M and Schubert, W Kent and Basore, Paul A},
  booktitle={Presented at the 23rd Institute of Electrical and Electronics Engineers (IEEE) Photovoltaic Specialists Conference, Louisville, KY, 10-14 May 1993},
  volume={1},
  pages={10--14},
  year={1992}
}

### Transformationsoptik ###

##optica paper vom Martin##
@article{schumann2015cloaked,
  title={Cloaked contact grids on solar cells by coordinate transformations: designs and prototypes},
  author={Schumann, Martin F and Wiesendanger, Samuel and Goldschmidt, Jan Christoph and Bl{\"a}si, Benedikt and Bittkau, Karsten and Paetzold, Ulrich W and Sprafke, Alexander and Wehrspohn, Ralf B and Rockstuhl, Carsten and Wegener, Martin},
  journal={Optica},
  volume={2},
  number={10},
  pages={850--853},
  year={2015},
  publisher={Optical Society of America}
}



### metasurfaces ###

## nature materials, metasurfaces ##
@article{yu2014flat,
  title={Flat optics with designer metasurfaces},
  author={Yu, Nanfang and Capasso, Federico},
  journal={Nature materials},
  volume={13},
  number={2},
  pages={139--150},
  year={2014},
  publisher={Nature Publishing Group}
}


##nature materials; generalised snells law##
@article{yu2011light,
  title={Light propagation with phase discontinuities: generalized laws of reflection and refraction},
  author={Yu, Nanfang and Genevet, Patrice and Kats, Mikhail A and Aieta, Francesco and Tetienne, Jean-Philippe and Capasso, Federico and Gaburro, Zeno},
  journal={science},
  volume={334},
  number={6054},
  pages={333--337},
  year={2011},
  publisher={American Association for the Advancement of Science}
}

### additional material ###

@article{mayer2016cloaking,
  title={Cloaking Contacts on Large-Area Organic Light-Emitting Diodes},
  author={Mayer, Frederik and Schittny, Robert and Egel, Amos and Niemeyer, Andreas and Preinfalk, Jan and Lemmer, Ulrich and Wegener, Martin},
  journal={Advanced Optical Materials},
  year={2016},
  publisher={Wiley Online Library}
}

